
@book {[B2009],
    AUTHOR = {Bergeron, Fran\c{c}ois},
     TITLE = {Algebraic combinatorics and coinvariant spaces},
    SERIES = {CMS Treatises in Mathematics},
 PUBLISHER = {Canadian Mathematical Society, Ottawa, ON; A K Peters, Ltd.,
              Wellesley, MA},
      YEAR = {2009},
     PAGES = {viii+221},
      ISBN = {978-1-56881-324-0},
   MRCLASS = {05-01 (05Exx 13A50 20C30)},
  MRNUMBER = {2538310},
MRREVIEWER = {Marc A. A. van Leeuwen},
}

@book {[H2008],
    AUTHOR = {Haglund, James},
     TITLE = {The {$q$},{$t$}-{C}atalan numbers and the space of diagonal
              harmonics},
    SERIES = {University Lecture Series},
    VOLUME = {41},
      NOTE = {With an appendix on the combinatorics of Macdonald
              polynomials},
 PUBLISHER = {American Mathematical Society, Providence, RI},
      YEAR = {2008},
     PAGES = {viii+167},
      ISBN = {978-0-8218-4411-3; 0-8218-4411-3},
}

   
@article{[Mac1988],
author = {Macdonald, I.G.},
journal = {SÃ©minaire Lotharingien de Combinatoire},
pages = {131-171},
publisher = {I.R.M.A. Strasbourg},
title = {A new class of symmetric functions.},
url = {https://www.mat.univie.ac.at/~slc/},
urldate={28/02/2016},
volume = {20},
number={B20a},
year = {1988},
}

@book {[Mac1995],
    AUTHOR = {Macdonald, I. G.},
     TITLE = {Symmetric functions and {H}all polynomials},
    SERIES = {Oxford Mathematical Monographs},
   EDITION = {Second},
      NOTE = {With contributions by A. Zelevinsky,
              Oxford Science Publications},
 PUBLISHER = {The Clarendon Press, Oxford University Press, New York},
      YEAR = {1995},
     PAGES = {x+475},
      ISBN = {0-19-853489-2},
   MRCLASS = {05E05 (05-02 20C30 20C33 20K01 33C80 33D80)},
  MRNUMBER = {1354144},
MRREVIEWER = {John R. Stembridge},
}

@book {[S1999],
    AUTHOR = {Stanley, Richard P.},
     TITLE = {Enumerative combinatorics. Vol. 2},
    SERIES = {Cambridge Studies in Advanced Mathematics},
    VOLUME = {62},
      NOTE = {With a foreword by Gian-Carlo Rota and appendix 1 by Sergey
              Fomin},
 PUBLISHER = {Cambridge University Press, Cambridge},
      YEAR = {1999},
     PAGES = {xii+581},
      ISBN = {0-521-56069-1; 0-521-78987-7},
   MRCLASS = {05A15 (05-02 05E05 05E10 68R05)},
  MRNUMBER = {1676282},
MRREVIEWER = {Ira Gessel},
}

@book {[S2001],
    AUTHOR = {Sagan, Bruce E.},
     TITLE = {The symmetric group},
    SERIES = {Graduate Texts in Mathematics},
    VOLUME = {203},
   EDITION = {Second},
      NOTE = {Representations, combinatorial algorithms, and symmetric
              functions},
 PUBLISHER = {Springer-Verlag, New York},
      YEAR = {2001},
     PAGES = {xvi+238},
      ISBN = {0-387-95067-2},
   MRCLASS = {05E10 (05E05 20C30)},
  MRNUMBER = {1824028},
}
		









